<?xml version="1.0" encoding="UTF-8"?><collection xmlns="http://www.loc.gov/MARC21/slim"><record><leader>00314nam--2200121-i-4500</leader><controlfield tag="001">000004250</controlfield><controlfield tag="002">20161230</controlfield><controlfield tag="005">20161230201025</controlfield><controlfield tag="008">060222s1000------------r-----000-0-eng-d</controlfield><datafield ind1=" " ind2=" " tag="245"><subfield code="a">Automatic control and computer engineering</subfield></datafield><datafield ind1=" " ind2=" " tag="260"><subfield code="a">New York, Pergamon Press,1961-1963</subfield></datafield><datafield ind1=" " ind2=" " tag="700"><subfield code="a">V.V.Solodovnikov</subfield></datafield><datafield ind1=" " ind2=" " tag="852"><subfield code="a">16572</subfield></datafield></record></collection>